
@BOOK{lamport94,
  author={Leslie Lamport},
  title={\LaTeX\ - A Document Preparation System},
  note={User's Guide and Reference Manual},
  year={1994},
  publisher={Addison-Wesley},
  edition={Second}
}
@BOOK{knuth84,
  author={Donald Ervin Knuth},
  title={The \TeX book},
  year={1984},
  publisher={Addison-Wesley}
}

