% This file was created with JabRef 2.10.
% Encoding: UTF8


@Book{Rigdoll,
  Title                    = {Neuronale Netze},
  Author                   = {{Gerhard Rigoll}},
  Publisher                = {Expert Verlag in Renningen-Malmsheim},
  Year                     = {1994},

  Owner                    = {Sebastian},
  Timestamp                = {2015.11.09}
}

@Misc{Ilmenau,
  Title                    = {Experimentelle Modellbildung mit einem
Multilayer Perceptron},

  Author                   = {TU Ilmenau},
  HowPublished             = {https://www.tu-ilmenau.de/fileadmin/public/systemanalyse/fnc-3.pdf},
  Year                     = {2014},

  Owner                    = {Sebastian},
  Timestamp                = {2015.12.19}
}

@Book{Kratzer,
  Title                    = {Neuronale Netze – Grundlagen und Anwendungen},
  Author                   = {{Klaus Peter Kratzer}},
  Publisher                = {Hanser Verlag in München},
  Year                     = {1990},

  Owner                    = {Sebastian},
  Timestamp                = {2015.11.09}
}

@Book{Laemmel,
  Title                    = {Künstliche Intelligenz, 3. Auflage},
  Author                   = {{Uwe Lämmel und Jürgen Cleve}},
  Publisher                = {Hanser Verlag in München},
  Year                     = {2008},

  Owner                    = {Sebastian},
  Timestamp                = {2015.11.09}
}

